<record xmlns:xs="http://www.w3.org/2001/XMLSchema">
         <leader>     nam a22     4  4500</leader>
         <controlfield tag="001">567009343</controlfield>
         <controlfield tag="003">CHVBK</controlfield>
         <controlfield tag="005">20190608103550.0</controlfield>
         <controlfield tag="008">190608s1998    gw            0     ger  </controlfield>
         <datafield tag="020" ind1=" " ind2=" ">
            <subfield code="a">3-406-39391-8</subfield>
         </datafield>
         <datafield tag="035" ind1=" " ind2=" ">
            <subfield code="a">(NEBIS)003864775</subfield>
         </datafield>
         <datafield tag="035" ind1=" " ind2=" ">
            <subfield code="a">(IDSSG)000996401</subfield>
         </datafield>
         <datafield tag="035" ind1=" " ind2=" ">
            <subfield code="a">(OCoLC)231765318</subfield>
         </datafield>
         <datafield tag="035" ind1=" " ind2=" ">
            <subfield code="a">(NEBIS)003864775</subfield>
         </datafield>
         <datafield tag="040" ind1=" " ind2=" ">
            <subfield code="a">UNI-RWI</subfield>
         </datafield>
         <datafield tag="245" ind1="0" ind2="0">
            <subfield code="a">Unternehmensbesteuerung und Rechtsform</subfield>
            <subfield code="b">Handbuch zur Besteuerung deutscher Unternehmen</subfield>
            <subfield code="c">hrsg. von Otto H. Jacobs ; bearb. von Otto H. Jacobs ... [et al.]</subfield>
         </datafield>
         <datafield tag="250" ind1=" " ind2=" ">
            <subfield code="a">2., völlig neubearb. Aufl</subfield>
         </datafield>
         <datafield tag="260" ind1=" " ind2=" ">
            <subfield code="a">München</subfield>
            <subfield code="b">Beck</subfield>
            <subfield code="c">1998</subfield>
         </datafield>
         <datafield tag="300" ind1=" " ind2=" ">
            <subfield code="a">588 S.</subfield>
         </datafield>
         <datafield tag="650" ind1=" " ind2="7">
            <subfield code="a">Steuerrecht</subfield>
            <subfield code="2">idszbz</subfield>
         </datafield>
         <datafield tag="650" ind1=" " ind2="7">
            <subfield code="a">Unternehmensform</subfield>
            <subfield code="2">idszbz</subfield>
         </datafield>
         <datafield tag="651" ind1=" " ind2="7">
            <subfield code="a">Deutschland</subfield>
            <subfield code="2">idszbz</subfield>
         </datafield>
         <datafield tag="690" ind1=" " ind2="7">
            <subfield code="B">u</subfield>
            <subfield code="u">LD</subfield>
            <subfield code="a">Interkantonales/Internationales Steuerrecht : Deutschland</subfield>
            <subfield code="2">idssg HD</subfield>
         </datafield>
         <datafield tag="700" ind1="1" ind2=" ">
            <subfield code="a">Jacobs</subfield>
            <subfield code="D">Otto H.</subfield>
            <subfield code="d">1939-</subfield>
            <subfield code="0">(DE-588)120595389</subfield>
         </datafield>
         <datafield tag="909" ind1=" " ind2="7">
            <subfield code="a">rwimon200003e</subfield>
            <subfield code="c">rosi 000313</subfield>
            <subfield code="d">rwiswk200008b</subfield>
            <subfield code="e">meim</subfield>
            <subfield code="2">idszbz Z2</subfield>
         </datafield>
         <datafield tag="912" ind1=" " ind2="7">
            <subfield code="a">M115</subfield>
            <subfield code="2">Z01</subfield>
         </datafield>
         <datafield tag="950" ind1=" " ind2=" ">
            <subfield code="B">NEBIS</subfield>
            <subfield code="P">700</subfield>
            <subfield code="E">1-</subfield>
            <subfield code="a">Jacobs</subfield>
            <subfield code="D">Otto H.</subfield>
            <subfield code="d">1939-</subfield>
            <subfield code="0">(DE-588)120595389</subfield>
         </datafield>
         <datafield tag="950" ind1=" " ind2=" ">
            <subfield code="B">IDSSG</subfield>
            <subfield code="P">700</subfield>
            <subfield code="E">1-</subfield>
            <subfield code="a">Jacobs</subfield>
            <subfield code="D">Otto H.</subfield>
            <subfield code="d">1939</subfield>
            <subfield code="0">(DE-588)120595389</subfield>
         </datafield>
         <datafield tag="986" ind1=" " ind2=" ">
            <subfield code="a">SWISSBIB</subfield>
            <subfield code="b">07469300X</subfield>
         </datafield>
         <datafield tag="898" ind1=" " ind2=" ">
            <subfield code="a">BK020000</subfield>
            <subfield code="b">XK020000</subfield>
            <subfield code="c">XK020000</subfield>
         </datafield>
         <datafield tag="949" ind1=" " ind2=" ">
            <subfield code="B">NEBIS</subfield>
            <subfield code="F">Z16</subfield>
            <subfield code="b">Z16</subfield>
            <subfield code="c">Z1601</subfield>
            <subfield code="j">Seq 706 : 2.Ed</subfield>
         </datafield>
         <datafield tag="949" ind1=" " ind2=" ">
            <subfield code="B">IDSSG</subfield>
            <subfield code="F">HIFF</subfield>
            <subfield code="b">HIFF</subfield>
            <subfield code="c">IFF</subfield>
            <subfield code="j">LD 174</subfield>
         </datafield>
      <datafield tag="690" ind1="H" ind2="D">
            <subfield code="8">LD</subfield>
            <subfield code="a">Interkantonales/Internationales Steuerrecht : Deutschland</subfield>
            <subfield code="2">HSG-IFF</subfield>
        </datafield></record>