<record xmlns:xs="http://www.w3.org/2001/XMLSchema">
         <leader>     cam a22     u  4500</leader>
         <controlfield tag="001">108546098</controlfield>
         <controlfield tag="003">CHVBK</controlfield>
         <controlfield tag="005">20160424135039.0</controlfield>
         <controlfield tag="008">120318s1993    xxu           00    eng  </controlfield>
         <datafield tag="019" ind1=" " ind2=" ">
            <subfield code="a">Konvertierte Aufnahme MfK/PTT</subfield>
            <subfield code="5">B429/2011</subfield>
         </datafield>
         <datafield tag="020" ind1=" " ind2=" ">
            <subfield code="a">92-1-161352-3</subfield>
         </datafield>
         <datafield tag="035" ind1=" " ind2=" ">
            <subfield code="a">(OCoLC)884192549</subfield>
         </datafield>
         <datafield tag="035" ind1=" " ind2=" ">
            <subfield code="a">(IDSBB)005862190</subfield>
         </datafield>
         <datafield tag="040" ind1=" " ind2=" ">
            <subfield code="a">SzZuIDS BS/BE B429</subfield>
            <subfield code="e">kids</subfield>
         </datafield>
         <datafield tag="245" ind1="0" ind2="0">
            <subfield code="a">System of national accounts 1993 (SNA)</subfield>
            <subfield code="c">Commission of the European communities-Eurostat ; a.o</subfield>
         </datafield>
         <datafield tag="264" ind1=" " ind2="1">
            <subfield code="a">Brussels</subfield>
            <subfield code="b">Commission of the European Communities</subfield>
            <subfield code="c">1993</subfield>
         </datafield>
         <datafield tag="300" ind1=" " ind2=" ">
            <subfield code="a">XIV, 711 p. ill. 28 cm + table</subfield>
         </datafield>
         <datafield tag="336" ind1=" " ind2=" ">
            <subfield code="a">Text</subfield>
            <subfield code="b">txt</subfield>
            <subfield code="2">rdacontent/ger</subfield>
         </datafield>
         <datafield tag="337" ind1=" " ind2=" ">
            <subfield code="a">ohne Hilfsmittel zu benutzen</subfield>
            <subfield code="b">n</subfield>
            <subfield code="2">rdamedia/ger</subfield>
         </datafield>
         <datafield tag="338" ind1=" " ind2=" ">
            <subfield code="a">Band</subfield>
            <subfield code="b">nc</subfield>
            <subfield code="2">rdacarrier/ger</subfield>
         </datafield>
         <datafield tag="500" ind1=" " ind2=" ">
            <subfield code="a">Commission of the European Communities-Eurostat</subfield>
         </datafield>
         <datafield tag="690" ind1=" " ind2="4">
            <subfield code="B">u</subfield>
            <subfield code="a">Volkswirtschaft ; International ; Öffentliche Finanzwirtschaft, Staatsfinanzen ; Konjunktur, Depression, Rezession, Wirtschaftsaufschwung ; Statistik</subfield>
         </datafield>
         <datafield tag="690" ind1=" " ind2="4">
            <subfield code="B">u</subfield>
            <subfield code="a">accounting rules / institutional units and sectors / establishments and industries / production, income, capital, financal, assets and external transactions account / balance sheet / price and volume measures / population and labour inputs / satellite analysis</subfield>
         </datafield>
         <datafield tag="898" ind1=" " ind2=" ">
            <subfield code="a">BK020000</subfield>
            <subfield code="b">XK020000</subfield>
            <subfield code="c">XK020000</subfield>
         </datafield>
         <datafield tag="949" ind1=" " ind2=" ">
            <subfield code="B">IDSBB</subfield>
            <subfield code="F">B429</subfield>
            <subfield code="b">B429</subfield>
            <subfield code="c">429MP</subfield>
            <subfield code="j">MfK MB 0178</subfield>
         </datafield>
      <datafield tag="690" ind1="H" ind2="D">
            <subfield code="8">YV</subfield>
            <subfield code="a">Wirtschaftswissenschaften : Arbeitnehmerfragen (Labor Economics)</subfield>
            <subfield code="2">HSG-IFF</subfield>
        </datafield></record>