<record xmlns:xs="http://www.w3.org/2001/XMLSchema">
         <leader>     cam a22     4  4500</leader>
         <controlfield tag="001">298262320</controlfield>
         <controlfield tag="003">CHVBK</controlfield>
         <controlfield tag="005">20190608092936.0</controlfield>
         <controlfield tag="008">131020s1977    sz            00    ger|d</controlfield>
         <datafield tag="035" ind1=" " ind2=" ">
            <subfield code="a">(NEBIS)009291278</subfield>
         </datafield>
         <datafield tag="035" ind1=" " ind2=" ">
            <subfield code="a">(SNL)991007021149703976</subfield>
         </datafield>
         <datafield tag="035" ind1=" " ind2=" ">
            <subfield code="a">(IDSSG)000996481</subfield>
         </datafield>
         <datafield tag="035" ind1=" " ind2=" ">
            <subfield code="a">(Sz)192635-41snl_51</subfield>
         </datafield>
         <datafield tag="035" ind1=" " ind2=" ">
            <subfield code="a">(Sz)vtls000192635</subfield>
         </datafield>
         <datafield tag="035" ind1=" " ind2=" ">
            <subfield code="a">(Sz)000192635</subfield>
         </datafield>
         <datafield tag="035" ind1=" " ind2=" ">
            <subfield code="a">(NEBIS)009291278</subfield>
         </datafield>
         <datafield tag="035" ind1=" " ind2=" ">
            <subfield code="a">(SNL)991007021149703976</subfield>
         </datafield>
         <datafield tag="035" ind1=" " ind2=" ">
            <subfield code="a">(IDSSG)000996481</subfield>
         </datafield>
         <datafield tag="040" ind1=" " ind2=" ">
            <subfield code="a">SzZuIDS NEBIS UZH</subfield>
         </datafield>
         <datafield tag="041" ind1="0" ind2=" ">
            <subfield code="a">ger</subfield>
            <subfield code="b">eng</subfield>
            <subfield code="b">fre</subfield>
            <subfield code="b">ger</subfield>
         </datafield>
         <datafield tag="100" ind1="1" ind2=" ">
            <subfield code="a">Bohley</subfield>
            <subfield code="D">Peter</subfield>
         </datafield>
         <datafield tag="245" ind1="1" ind2="0">
            <subfield code="a">Wirtschaftspolitische Massnahmen zur Förderung der Wirtschaftlichkeit des Verkehrs</subfield>
            <subfield code="c">von Peter Bohley</subfield>
         </datafield>
         <datafield tag="260" ind1=" " ind2=" ">
            <subfield code="a">Zürich</subfield>
            <subfield code="b">Wirtschaftswissenschaftliches Institut</subfield>
            <subfield code="c">1977</subfield>
         </datafield>
         <datafield tag="300" ind1=" " ind2=" ">
            <subfield code="a">S. 301-313</subfield>
            <subfield code="b">Ill.</subfield>
         </datafield>
         <datafield tag="490" ind1="1" ind2=" ">
            <subfield code="a">Wirtschaftswissenschaftliches Institut der Universität Zürich. Reihe A</subfield>
            <subfield code="v">Nr. 40</subfield>
            <subfield code="i">40</subfield>
            <subfield code="w">(NEBIS)008388647</subfield>
            <subfield code="9">296072966</subfield>
         </datafield>
         <datafield tag="500" ind1=" " ind2=" ">
            <subfield code="a">Sonderdruck aus: Schweizerische Zeitschrift für Volkswirtschaft und Statistik, [Jg. 113], [Heft 3, 1977</subfield>
         </datafield>
         <datafield tag="546" ind1=" " ind2=" ">
            <subfield code="a">Zusfassungen in Deutsch, Engl. und Franz.</subfield>
         </datafield>
         <datafield tag="583" ind1=" " ind2=" ">
            <subfield code="8">1900140683</subfield>
            <subfield code="a">dea</subfield>
            <subfield code="i">ps</subfield>
            <subfield code="c">NB064-2008</subfield>
            <subfield code="l">nt</subfield>
         </datafield>
         <datafield tag="690" ind1=" " ind2="7">
            <subfield code="B">u</subfield>
            <subfield code="u">YL1</subfield>
            <subfield code="a">Wirtschaftswissenschaften : Finanzwissenschaft. Betriebswirtschaftliche Steuerlehre : Allgemeines</subfield>
            <subfield code="2">idssg HD</subfield>
         </datafield>
         <datafield tag="787" ind1="0" ind2=" ">
            <subfield code="t">Schweiz. Zeitschrift für Volkswirtschaft und Statistik</subfield>
            <subfield code="g">H. 3, 1977</subfield>
         </datafield>
         <datafield tag="830" ind1=" " ind2="0">
            <subfield code="a">Reihe / Wirtschaftswissenschaftliches Institut der Universität Zürich</subfield>
            <subfield code="n">A</subfield>
            <subfield code="v">40</subfield>
         </datafield>
         <datafield tag="950" ind1=" " ind2=" ">
            <subfield code="B">NEBIS</subfield>
            <subfield code="P">100</subfield>
            <subfield code="E">1-</subfield>
            <subfield code="a">Bohley</subfield>
            <subfield code="D">Peter</subfield>
         </datafield>
         <datafield tag="950" ind1=" " ind2=" ">
            <subfield code="B">NEBIS</subfield>
            <subfield code="P">490</subfield>
            <subfield code="E">--</subfield>
            <subfield code="a">Wirtschaftswissenschaftliches Institut der Universität Zürich. Reihe A</subfield>
            <subfield code="v">Nr. 40</subfield>
            <subfield code="i">40</subfield>
            <subfield code="w">(NEBIS)008388647</subfield>
            <subfield code="9">296072966</subfield>
         </datafield>
         <datafield tag="950" ind1=" " ind2=" ">
            <subfield code="B">SNL</subfield>
            <subfield code="P">100</subfield>
            <subfield code="E">1-</subfield>
            <subfield code="a">Bohley</subfield>
            <subfield code="D">Peter</subfield>
         </datafield>
         <datafield tag="950" ind1=" " ind2=" ">
            <subfield code="B">SNL</subfield>
            <subfield code="P">490</subfield>
            <subfield code="E">1-</subfield>
            <subfield code="a">Reihe / Wirtschaftswissenschaftliches Institut der Universität Zürich. A</subfield>
            <subfield code="v">40</subfield>
         </datafield>
         <datafield tag="950" ind1=" " ind2=" ">
            <subfield code="B">SNL</subfield>
            <subfield code="P">710</subfield>
            <subfield code="E">2-</subfield>
            <subfield code="a">Universität Zürich</subfield>
            <subfield code="b">Wirtschaftswissenschaftliches Institut</subfield>
            <subfield code="0">(DE-588)11642-7</subfield>
         </datafield>
         <datafield tag="950" ind1=" " ind2=" ">
            <subfield code="B">SNL</subfield>
            <subfield code="P">787</subfield>
            <subfield code="E">0-</subfield>
            <subfield code="t">Schweiz. Zeitschrift für Volkswirtschaft und Statistik</subfield>
            <subfield code="g">H. 3, 1977</subfield>
         </datafield>
         <datafield tag="950" ind1=" " ind2=" ">
            <subfield code="B">SNL</subfield>
            <subfield code="P">830</subfield>
            <subfield code="E">--</subfield>
            <subfield code="a">Reihe / Wirtschaftswissenschaftliches Institut der Universität Zürich</subfield>
            <subfield code="n">A</subfield>
            <subfield code="v">40</subfield>
         </datafield>
         <datafield tag="950" ind1=" " ind2=" ">
            <subfield code="B">IDSSG</subfield>
            <subfield code="P">100</subfield>
            <subfield code="E">1-</subfield>
            <subfield code="a">Bohley</subfield>
            <subfield code="D">Peter</subfield>
            <subfield code="e">Verfasser</subfield>
            <subfield code="4">aut</subfield>
         </datafield>
         <datafield tag="950" ind1=" " ind2=" ">
            <subfield code="B">IDSSG</subfield>
            <subfield code="P">490</subfield>
            <subfield code="E">0-</subfield>
            <subfield code="a">Wirtschaftswissenschaftliches Institut der Universität Zürich. Reihe A</subfield>
            <subfield code="v">Nr. 40</subfield>
            <subfield code="i">40</subfield>
         </datafield>
         <datafield tag="950" ind1=" " ind2=" ">
            <subfield code="B">IDSSG</subfield>
            <subfield code="P">787</subfield>
            <subfield code="E">0-</subfield>
            <subfield code="t">Schweiz. Zeitschrift für Volkswirtschaft und Statistik</subfield>
            <subfield code="g">H. 3, 1977</subfield>
         </datafield>
         <datafield tag="986" ind1=" " ind2=" ">
            <subfield code="a">SWISSBIB</subfield>
            <subfield code="b">275601854</subfield>
         </datafield>
         <datafield tag="986" ind1=" " ind2=" ">
            <subfield code="a">ORANGE</subfield>
            <subfield code="b">275601854</subfield>
         </datafield>
         <datafield tag="898" ind1=" " ind2=" ">
            <subfield code="a">BK020000</subfield>
            <subfield code="b">XK020000</subfield>
            <subfield code="c">XK020000</subfield>
         </datafield>
         <datafield tag="949" ind1=" " ind2=" ">
            <subfield code="B">SNL</subfield>
            <subfield code="F">NB001</subfield>
            <subfield code="b">NB001</subfield>
            <subfield code="j">P 27920/40</subfield>
            <subfield code="c">NB10011</subfield>
         </datafield>
         <datafield tag="949" ind1=" " ind2=" ">
            <subfield code="B">NEBIS</subfield>
            <subfield code="F">UECON</subfield>
            <subfield code="b">UECON</subfield>
            <subfield code="c">ULMZN</subfield>
            <subfield code="j">SOS B 0139 : 40</subfield>
         </datafield>
         <datafield tag="949" ind1=" " ind2=" ">
            <subfield code="B">NEBIS</subfield>
            <subfield code="F">UECON</subfield>
            <subfield code="b">UECON</subfield>
            <subfield code="c">ULMZN</subfield>
            <subfield code="j">SOS B 0139 : 40</subfield>
         </datafield>
         <datafield tag="949" ind1=" " ind2=" ">
            <subfield code="B">IDSSG</subfield>
            <subfield code="F">HIFF</subfield>
            <subfield code="b">HIFF</subfield>
            <subfield code="c">IFF</subfield>
            <subfield code="j">AC 214</subfield>
         </datafield>
      <datafield tag="690" ind1="H" ind2="D">
            <subfield code="8">YL1</subfield>
            <subfield code="a">Wirtschaftswissenschaften : Finanzwissenschaft. Betriebswirtschaftliche Steuerlehre : Allgemeines</subfield>
            <subfield code="2">HSG-IFF</subfield>
        </datafield></record>