<record xmlns:xs="http://www.w3.org/2001/XMLSchema">
         <leader>     cam a22     2  4500</leader>
         <controlfield tag="001">273589121</controlfield>
         <controlfield tag="003">CHVBK</controlfield>
         <controlfield tag="005">20190608090620.0</controlfield>
         <controlfield tag="008">130818s1975    gw            00    ger|d</controlfield>
         <datafield tag="019" ind1=" " ind2=" ">
            <subfield code="a">RekatMedea: 085.0376</subfield>
            <subfield code="5">akswa</subfield>
         </datafield>
         <datafield tag="020" ind1=" " ind2=" ">
            <subfield code="a">3-503-01110-2</subfield>
         </datafield>
         <datafield tag="035" ind1=" " ind2=" ">
            <subfield code="a">(IDSBB)003798415</subfield>
         </datafield>
         <datafield tag="035" ind1=" " ind2=" ">
            <subfield code="a">(NEBIS)000199206</subfield>
         </datafield>
         <datafield tag="035" ind1=" " ind2=" ">
            <subfield code="a">(IDSSG)000996539</subfield>
         </datafield>
         <datafield tag="035" ind1=" " ind2=" ">
            <subfield code="a">(IDSBB)003798415</subfield>
         </datafield>
         <datafield tag="035" ind1=" " ind2=" ">
            <subfield code="a">(NEBIS)000199206</subfield>
         </datafield>
         <datafield tag="035" ind1=" " ind2=" ">
            <subfield code="a">(IDSSG)000996539</subfield>
         </datafield>
         <datafield tag="040" ind1=" " ind2=" ">
            <subfield code="a">ETH-BIB</subfield>
            <subfield code="d">SzZuIDS BS/BE A125</subfield>
            <subfield code="e">kids</subfield>
         </datafield>
         <datafield tag="084" ind1=" " ind2=" ">
            <subfield code="a">AR 11201</subfield>
            <subfield code="2">rvk</subfield>
         </datafield>
         <datafield tag="084" ind1=" " ind2=" ">
            <subfield code="a">PN 793</subfield>
            <subfield code="2">rvk</subfield>
         </datafield>
         <datafield tag="084" ind1=" " ind2=" ">
            <subfield code="a">PN 800</subfield>
            <subfield code="2">rvk</subfield>
         </datafield>
         <datafield tag="084" ind1=" " ind2=" ">
            <subfield code="a">QC 340</subfield>
            <subfield code="2">rvk</subfield>
         </datafield>
         <datafield tag="084" ind1=" " ind2=" ">
            <subfield code="a">QT 200</subfield>
            <subfield code="2">rvk</subfield>
         </datafield>
         <datafield tag="100" ind1="1" ind2=" ">
            <subfield code="a">Kunze</subfield>
            <subfield code="D">Jürgen</subfield>
         </datafield>
         <datafield tag="245" ind1="1" ind2="0">
            <subfield code="a">Umweltschutz-Investitionen und Wirtschaftswachstum</subfield>
            <subfield code="b">die Eignung des Bruttosozialprodukts als Wachstumsindikator unter dem Aspekt der Umweltbelastung und verstärkter Massnahmen zum Umweltschutz</subfield>
            <subfield code="c">Jürgen Kunze</subfield>
         </datafield>
         <datafield tag="264" ind1=" " ind2="1">
            <subfield code="a">Berlin</subfield>
            <subfield code="b">Schmidt</subfield>
            <subfield code="c">1975</subfield>
         </datafield>
         <datafield tag="300" ind1=" " ind2=" ">
            <subfield code="a">48 S.</subfield>
            <subfield code="b">13 Tab.</subfield>
            <subfield code="c">8'</subfield>
         </datafield>
         <datafield tag="490" ind1="0" ind2=" ">
            <subfield code="a">Beiträge zur Umweltgestaltung</subfield>
            <subfield code="v">Heft A 28</subfield>
            <subfield code="i">28</subfield>
            <subfield code="w">(IDSBB)000028442</subfield>
            <subfield code="9">274108054</subfield>
         </datafield>
         <datafield tag="490" ind1="0" ind2=" ">
            <subfield code="a">Fust-Projekt</subfield>
            <subfield code="v">14</subfield>
            <subfield code="i">14</subfield>
            <subfield code="w">(IDSBB)001156770</subfield>
            <subfield code="9">290375096</subfield>
         </datafield>
         <datafield tag="650" ind1=" " ind2="7">
            <subfield code="a">Umweltschutz</subfield>
            <subfield code="0">(DE-588)4061644-7</subfield>
            <subfield code="2">gnd</subfield>
         </datafield>
         <datafield tag="650" ind1=" " ind2="7">
            <subfield code="a">Wirtschaftswachstum</subfield>
            <subfield code="0">(DE-588)4066527-6</subfield>
            <subfield code="2">gnd</subfield>
         </datafield>
         <datafield tag="650" ind1=" " ind2="7">
            <subfield code="a">Wirtschaft</subfield>
            <subfield code="0">(DE-588)4066399-1</subfield>
            <subfield code="2">gnd</subfield>
         </datafield>
         <datafield tag="650" ind1=" " ind2="7">
            <subfield code="a">Umwelt</subfield>
            <subfield code="0">(DE-588)4061616-2</subfield>
            <subfield code="2">gnd</subfield>
         </datafield>
         <datafield tag="650" ind1=" " ind2="0">
            <subfield code="a">Environmental policy</subfield>
            <subfield code="x">Economic aspects</subfield>
         </datafield>
         <datafield tag="650" ind1=" " ind2="0">
            <subfield code="a">Environmental policy</subfield>
            <subfield code="x">Economic aspects</subfield>
            <subfield code="z">Germany (West)</subfield>
         </datafield>
         <datafield tag="690" ind1=" " ind2="7">
            <subfield code="B">u</subfield>
            <subfield code="u">YY</subfield>
            <subfield code="a">Wirtschaftswissenschaften : Regionale Wirtschaftspolitik. Stadtplanung</subfield>
            <subfield code="2">idssg HD</subfield>
         </datafield>
         <datafield tag="691" ind1=" " ind2="7">
            <subfield code="B">u</subfield>
            <subfield code="a">WIRTSCHAFTLICHE DYNAMIK</subfield>
            <subfield code="z">ger</subfield>
            <subfield code="u">330.3</subfield>
            <subfield code="2">nebis E1</subfield>
         </datafield>
         <datafield tag="691" ind1=" " ind2="7">
            <subfield code="B">u</subfield>
            <subfield code="a">UMWELTSCHUTZ + UMWELTSCHUTZBEHÖRDEN (ÖFFENTLICHE VERWALTUNG)</subfield>
            <subfield code="z">ger</subfield>
            <subfield code="u">351.777</subfield>
            <subfield code="2">nebis E1</subfield>
         </datafield>
         <datafield tag="691" ind1=" " ind2="7">
            <subfield code="B">u</subfield>
            <subfield code="a">DYNAMICS OF THE ECONOMY</subfield>
            <subfield code="z">eng</subfield>
            <subfield code="u">330.3</subfield>
            <subfield code="2">nebis E1</subfield>
         </datafield>
         <datafield tag="691" ind1=" " ind2="7">
            <subfield code="B">u</subfield>
            <subfield code="a">DYNAMIQUE DE L'ÉCONOMIE</subfield>
            <subfield code="z">fre</subfield>
            <subfield code="u">330.3</subfield>
            <subfield code="2">nebis E1</subfield>
         </datafield>
         <datafield tag="691" ind1=" " ind2="7">
            <subfield code="B">u</subfield>
            <subfield code="a">ENVIRONMENTAL PROTECTION + ENVIRONMENTAL PROTECTION AUTHORITIES (PUBLIC ADMINISTRATION)</subfield>
            <subfield code="z">eng</subfield>
            <subfield code="u">351.777</subfield>
            <subfield code="2">nebis E1</subfield>
         </datafield>
         <datafield tag="691" ind1=" " ind2="7">
            <subfield code="B">u</subfield>
            <subfield code="a">PROTECTION DE L'ENVIRONNEMENT (ADMINISTRATION PUBLIQUE)</subfield>
            <subfield code="z">fre</subfield>
            <subfield code="u">351.777</subfield>
            <subfield code="2">nebis E1</subfield>
         </datafield>
         <datafield tag="909" ind1=" " ind2="7">
            <subfield code="f">akswamedea</subfield>
            <subfield code="2">idsbb A</subfield>
         </datafield>
         <datafield tag="909" ind1=" " ind2="7">
            <subfield code="a">MedeaZBZ</subfield>
            <subfield code="b">SWK</subfield>
            <subfield code="2">idszbz ZR</subfield>
         </datafield>
         <datafield tag="950" ind1=" " ind2=" ">
            <subfield code="B">IDSBB</subfield>
            <subfield code="P">100</subfield>
            <subfield code="E">1-</subfield>
            <subfield code="a">Kunze</subfield>
            <subfield code="D">Jürgen</subfield>
         </datafield>
         <datafield tag="950" ind1=" " ind2=" ">
            <subfield code="B">IDSBB</subfield>
            <subfield code="P">490</subfield>
            <subfield code="E">0-</subfield>
            <subfield code="a">Beiträge zur Umweltgestaltung</subfield>
            <subfield code="v">Heft A 28</subfield>
            <subfield code="i">28</subfield>
            <subfield code="w">(IDSBB)000028442</subfield>
            <subfield code="9">274108054</subfield>
         </datafield>
         <datafield tag="950" ind1=" " ind2=" ">
            <subfield code="B">IDSBB</subfield>
            <subfield code="P">490</subfield>
            <subfield code="E">0-</subfield>
            <subfield code="a">Fust-Projekt</subfield>
            <subfield code="v">14</subfield>
            <subfield code="i">14</subfield>
            <subfield code="w">(IDSBB)001156770</subfield>
            <subfield code="9">290375096</subfield>
         </datafield>
         <datafield tag="950" ind1=" " ind2=" ">
            <subfield code="B">NEBIS</subfield>
            <subfield code="P">100</subfield>
            <subfield code="E">1-</subfield>
            <subfield code="a">Kunze</subfield>
            <subfield code="D">Jürgen</subfield>
         </datafield>
         <datafield tag="950" ind1=" " ind2=" ">
            <subfield code="B">NEBIS</subfield>
            <subfield code="P">490</subfield>
            <subfield code="E">--</subfield>
            <subfield code="a">Beiträge zur Umweltgestaltung. A</subfield>
            <subfield code="v">Heft 28</subfield>
            <subfield code="i">28</subfield>
            <subfield code="w">(NEBIS)000031769</subfield>
            <subfield code="9">27410783X</subfield>
         </datafield>
         <datafield tag="950" ind1=" " ind2=" ">
            <subfield code="B">NEBIS</subfield>
            <subfield code="P">490</subfield>
            <subfield code="E">--</subfield>
            <subfield code="a">FUST-Projek</subfield>
            <subfield code="v">14</subfield>
            <subfield code="i">14</subfield>
            <subfield code="w">(NEBIS)000058542</subfield>
            <subfield code="9">290375096</subfield>
         </datafield>
         <datafield tag="950" ind1=" " ind2=" ">
            <subfield code="B">IDSSG</subfield>
            <subfield code="P">100</subfield>
            <subfield code="E">1-</subfield>
            <subfield code="a">Kunze</subfield>
            <subfield code="D">Jürgen</subfield>
            <subfield code="e">Verfasser</subfield>
            <subfield code="4">aut</subfield>
         </datafield>
         <datafield tag="950" ind1=" " ind2=" ">
            <subfield code="B">IDSSG</subfield>
            <subfield code="P">490</subfield>
            <subfield code="E">0-</subfield>
            <subfield code="a">Beiträge zur Umweltgestaltung</subfield>
            <subfield code="v">Heft A 28</subfield>
            <subfield code="i">28</subfield>
         </datafield>
         <datafield tag="950" ind1=" " ind2=" ">
            <subfield code="B">IDSSG</subfield>
            <subfield code="P">490</subfield>
            <subfield code="E">0-</subfield>
            <subfield code="a">Fust-Projekt</subfield>
            <subfield code="v">14</subfield>
            <subfield code="i">14</subfield>
         </datafield>
         <datafield tag="898" ind1=" " ind2=" ">
            <subfield code="a">BK020000</subfield>
            <subfield code="b">XK020000</subfield>
            <subfield code="c">XK020000</subfield>
         </datafield>
         <datafield tag="949" ind1=" " ind2=" ">
            <subfield code="B">NEBIS</subfield>
            <subfield code="F">E05</subfield>
            <subfield code="b">E05</subfield>
            <subfield code="j">LK 03 28</subfield>
         </datafield>
         <datafield tag="949" ind1=" " ind2=" ">
            <subfield code="B">NEBIS</subfield>
            <subfield code="F">Z01</subfield>
            <subfield code="b">Z01</subfield>
            <subfield code="c">04</subfield>
            <subfield code="j">TC 941: 28</subfield>
         </datafield>
         <datafield tag="949" ind1=" " ind2=" ">
            <subfield code="B">IDSBB</subfield>
            <subfield code="F">A125</subfield>
            <subfield code="b">A125</subfield>
            <subfield code="c">125ST</subfield>
            <subfield code="j">SWA Vo G XIV</subfield>
         </datafield>
         <datafield tag="949" ind1=" " ind2=" ">
            <subfield code="B">IDSSG</subfield>
            <subfield code="F">HIFF</subfield>
            <subfield code="b">HIFF</subfield>
            <subfield code="c">IFF</subfield>
            <subfield code="j">AJ 254</subfield>
         </datafield>
      <datafield tag="690" ind1="H" ind2="D">
            <subfield code="8">YY</subfield>
            <subfield code="a">Wirtschaftswissenschaften : Regionale Wirtschaftspolitik. Stadtplanung</subfield>
            <subfield code="2">HSG-IFF</subfield>
        </datafield></record>